2358 3996
554 322 587 362 tx

483 389 646 400 m

238 501 306 567 Etsi
331 513 429 566 autem
452 503 538 567 iaeile
560 505 672 588 langier
701 473 858 569 basenens
880 526 982 589 repre-

154 638 313 702 hensiones
329 657 389 699 non
403 637 435 700 in
450 637 536 700 buius
559 638 679 721 generis
700 639 809 716 omnia,
834 661 909 722 quae
934 661 983 703 re-

154 771 270 844 tentior
286 781 317 835 et
331 771 418 855 paule
434 771 522 834 etiam
538 772 621 857 prior
635 773 742 836 obtulit
755 783 850 851 aetas,
877 774 983 838 eadere

154 897 297 986 earmina,
314 927 439 990 quornm
453 907 546 970 multa
560 905 723 998 probabilia
746 907 816 983 sint,
842 908 983 970 nonnulla

154 1045 243 1108 etiam
257 1043 353 1105 bena:
378 1053 489 1118 umen,
507 1061 573 1104 eum
588 1061 642 1123 pro
658 1029 782 1104 oonsilio
797 1060 863 1103 meo
883 1061 918 1102 ae
938 1040 984 1102 rei

155 1178 334 1242 neeessitete
348 1197 408 1240 non
423 1176 466 1238 ita
481 1153 739 1267 mutuexeuuere
751 1174 883 1237 earmina
898 1185 930 1237 et
938 1185 985 1258 ty-

90 1301 92 1304 ⁵
156 1307 985 1396 pisvulgarevuluerim‚nonvereor,neinvitnperatin·
1083 1290 1087 1302 ¹

133 1473 137 1483 ⁷
155 1444 397 1522 neminemnam,
411 1445 488 1528 qnod
502 1443 699 1508 vetustiorum
714 1453 880 1528 temporum
894 1435 987 1526 opera

155 1578 345 1662 praetulerim
367 1545 597 1661 recentioribus,
620 1579 670 1640 vel
688 1578 764 1654 sola,
789 1597 875 1658 quam
897 1595 986 1660 quae-

156 1733 214 1796 que
234 1711 395 1795 antiquitas
418 1711 553 1786 exaitare
574 1711 861 1788 solet,'reverentia
882 1721 985 1795 eaptus

155 1857 186 1910 et
207 1825 391 1922 eommunis,
418 1855 452 1908 ut
473 1855 588 1909 taeeam
618 1865 721 1910 eorum
749 1867 824 1928 quae
847 1848 985 1910 transtuli

129 1985 133 1990 '
156 1981 280 2065 plurima
295 1979 331 2042 ab
347 1978 445 2060 aliquo
460 1979 528 2043 inde
549 1973 683 2063 tempore
698 2001 716 2043 a
731 1979 849 2057 libellis,
873 1982 924 2063 qui
939 2001 986 2044 sa·

110 2141 113 2148 ’
157 2133 224 2176 eras
240 2113 476 2195 eompleetuntur
490 2112 667 2188 cantilenas,
692 2113 795 2176 sedule
810 2115 986 2178 lusuatio'ne

156 2258 209 2312 ant
222 2247 309 2332 plane
325 2231 393 2308 esse
408 2246 537 2324 seclusa,
563 2257 615 2310 aut
636 2257 775 2330 mequam
798 2247 920 2311 exsules
942 2259 986 2312 at·

157 2403 213 2467 que
235 2392 375 2464 extorres
397 2380 490 2444 veluti
511 2381 724 2475 misericordia
737 2383 861 2465 quadam
881 2401 987 2446 reeen-

157 2517 282 2582 tieribus
298 2527 435 2580 extremo
450 2517 517 2580 loeo
533 2527 564 2582 et
578 2526 716 2602 separato
734 2516 838 2580 ordine
853 2535 984 2596 annexa,

157 2663 224 2729 aut,
255 2650 482 2734 quodomnium
504 2651 624 2714 minime
646 2651 802 2714 ferendum
823 2659 880 2729 est,
912 2651 988 2715 seita

159 2783 282 2867 quadam
297 2785 461 2848 mutatione
476 2785 650 2868 frigidisque
668 2785 890 2850 eeeessionibus
907 2786 987 2849 debi-

144 2895 241 2982 litata
256 2930 287 2982 et
300 2921 472 3004 depravata.
780 2883 782 2891 Α

244 3048 339 3135 Siqni
354 3054 431 3117 forte
446 3054 496 3117 vel
510 3054 639 3116 lectores
662 3061 750 3116 erunt
766 3054 816 3116 vel
831 3037 985 3128 censeres,

159 3185 208 3270 qui
223 3187 301 3262 seire
316 3207 357 3248 ex
371 3207 417 3250 me
433 3187 564 3272 eupiant‚
582 3208 636 3251 eur
657 3187 777 3250 omnino
793 3187 862 3249 buie
876 3205 922 3248 me
938 3187 988 3248 de·
1033 3187 1034 3190 ’

160 3320 252 3384 terim
267 3319 374 3396 labori,
384 3320 505 3403 eiusque
521 3321 570 3404 qni
586 3318 788 3397 sisteretur,
807 3321 832 3382 si
847 3320 878 3382 in
894 3318 987 3404 publi·
1060 3331 1062 3337 '

160 3453 515 3530 ermenteriarum,
541 3455 586 3518 bis
608 3466 741 3540 apertum
764 3455 839 3518 debe
861 3475 895 3518 ae
919 3437 988 3517 sinr-
