2358 3996
562 296 599 336 Π

501 363 664 373 ——-—-—

168 501 210 543 err
224 480 288 542 solo
304 480 390 541 mono
403 477 632 567 holieoonsons
647 478 781 541 venditet
801 479 994 562 perversius,
1043 557 1045 564 y
1083 461 1088 481 ’

163 611 364 675 honentatis
373 632 484 679 ooussa
496 612 689 678 tammam
703 623 849 697 optamus».

251 791 299 856 At
314 804 448 873 exteros,
472 793 595 886 quorum
616 793 706 876 aliqui
722 790 920 858 Germanicae
941 794 996 856 lin-

168 948 243 1010 guae
258 929 309 990 vel
328 929 402 991 satis
426 927 513 1011 periti
533 930 582 993 vel
607 929 670 993 ei'us
694 937 775 992 eerte
800 949 859 991 non
873 948 1002 1012 prorsus

166 1061 263 1145 ignari
284 1073 405 1144 praeter
426 1041 654 1127 oblectationem
677 1041 805 1148 aliquam
821 1041 910 1124 etiam
926 1082 995 1146 poe-

167 1204 263 1256 tarum
286 1176 456 1258 nostrorum
478 1197 546 1260 inde
569 1197 688 1259 haurire
711 1195 826 1278 possint
847 1197 993 1272 notitiam,

82 1356 85 1363 ·
167 1327 267 1391 dubito
282 1330 357 1406 lore,
380 1338 413 1390 ut
436 1329 490 1391 hoo
513 1330 686 1414 opuseulum
708 1331 873 1414 perveniat.
899 1325 994 1411 Quam

76 1515 81 1523 .
167 1462 204 1534 ob
219 1483 294 1540 rem,
317 1473 348 1526 et
362 1484 428 1525 oum
442 1465 507 1548 ipsa
522 1465 652 1527 earmina
675 1464 857 1528 nostratibus
882 1465 942 1527 sint
963 1466 993 1526 in

167 1605 296 1678 promtu,
318 1617 356 1659 ne
372 1597 492 1659 nimium
508 1607 660 1660 cresceret
674 1597 802 1676 libellus,
828 1620 864 1662 ea
878 1610 911 1661 ut
925 1619 993 1662 ver-

165 1729 270 1792 naoula
286 1728 386 1812 lingua
400 1741 470 1792 sunt
485 1730 647 1813 composita
662 1731 790 1795 adiieere
806 1733 898 1814 nolui.

249 1909 331 1974 Haeo
347 1912 446 1990 habui,
470 1915 505 1976 tle
521 1914 566 1976 bis
582 1915 655 1977 meis
671 1913 826 1976 conatibus
842 1936 917 1997 quae
933 1915 992 1978 dis-

164 2065 306 2108 sererem.
332 2041 446 2126 Quodsi
464 2055 598 2107 veterum
620 2059 771 2130 poetarum
796 2051 912 2112 eineres
935 2070 990 2112 neo

163 2190 274 2242 temere
295 2197 350 2242 nee
372 2179 538 2261 importune
562 2179 642 2242 aus'is
665 2203 683 2243 a
703 2202 750 2244 me
773 2203 841 2246 esse
862 2193 990 2246 vexatos

162 2311 250 2396 periti
272 2312 375 2376 harum
395 2334 495 2377 rerum
517 2325 547 2377 et
569 2315 657 2398 aequi
679 2315 784 2379 arbitri
805 2315 987 2394 iudicabunt,

162 2467 222 2510 non
236 2466 356 2526 vereor,
367 2469 405 2511 ne
420 2468 540 2531 operam
555 2449 688 2529 luserim,
706 2462 737 2514 et
751 2452 781 2516 in
797 2451 852 2539 bae
868 2461 989 2514 senten-

161 2581 202 2644 tia
216 2581 353 2646 lubenter
367 2581 564 2664 requiescam.

246 2743 331 2829 Quae
352 2765 444 2830 panea
460 2747 600 2830 depositis
616 2748 788 2833 interpretis
804 2750 936 2835 partibus
952 2751 987 2814 li·

126 2891 129 2903 '
161 2891 229 2962 gata
243 2881 378 2944 oratione
399 2882 430 2944 in
450 2880 642 2966 appendicula
663 2881 771 2960 atlditli,
798 2905 901 2948 eorum
924 2887 986 2969 plu-

159 3015 234 3077 rima
254 3027 323 3080 ante
345 3017 512 3101 pepigeram
541 3036 627 3098 quam
654 3016 691 3079 ad
720 3019 926 3083 transferenda
955 3020 986 3082 in

159 3147 299 3213 Latinum
319 3170 485 3214 sermonem
501 3151 707 3234 praecedentia
722 3151 854 3214 earmina
873 3172 920 3213 me
935 3172 985 3215 ao-

21 3337 22 3344 ,
64 3356 67 3360 ,
160 3283 253 3347 oinxi.
279 3279 338 3348 Set
354 3283 399 3347 his
414 3285 498 3368 ipsis,
516 3284 573 3348 etsi
588 3305 647 3347 non
662 3284 795 3348 eiusdem
810 3295 880 3347 sunt
894 3305 984 3367 gene-

157 3417 210 3494 ris,
229 3418 282 3480 sed
296 3417 359 3481 sola
374 3415 513 3481 affinitate
528 3418 651 3500 quadam
673 3438 738 3480 oum
761 3418 901 3511 exhibitis
917 3439 983 3482 oar·
